<?xml version="1.0" encoding="UTF-8"?><record xmlns="http://www.loc.gov/MARC21/slim" xmlns:cinclude="http://apache.org/cocoon/include/1.0" xmlns:zs="http://www.loc.gov/zing/srw/">
  <leader>00557cz  a2200157n  4500</leader>
  <controlfield tag="001">n 2003044590</controlfield>
  <controlfield tag="003">DLC</controlfield>
  <controlfield tag="005">20071116074916.0</controlfield>
  <controlfield tag="008">030609n| acannaabn          |a aaa      </controlfield>
  <datafield tag="010" ind1=" " ind2=" ">
    <subfield code="a">n 2003044590</subfield>
  </datafield>
  <datafield tag="035" ind1=" " ind2=" ">
    <subfield code="a">(OCoLC)oca06071747</subfield>
  </datafield>
  <datafield tag="040" ind1=" " ind2=" ">
    <subfield code="a">DLC</subfield>
    <subfield code="b">eng</subfield>
    <subfield code="c">DLC</subfield>
    <subfield code="d">IAhCCS</subfield>
  </datafield>
  <datafield tag="100" ind1="1" ind2=" ">
    <subfield code="a">Berenstain, Stan,</subfield>
    <subfield code="d">1923-2005.</subfield>
    <subfield code="t">Birds, the bees, and the Berenstain Bears.</subfield>
    <subfield code="l">Spanish</subfield>
  </datafield>
  <datafield tag="400" ind1="1" ind2=" ">
    <subfield code="a">Berenstain, Stan,</subfield>
    <subfield code="d">1923-2005.</subfield>
    <subfield code="t">Pajaritos, abejitas y los Osos Berenstain</subfield>
  </datafield>
  <datafield tag="667" ind1=" " ind2=" ">
    <subfield code="a">EARLY NOTICE RECORD</subfield>
  </datafield>
  <datafield tag="670" ind1=" " ind2=" ">
    <subfield code="a">Berenstain, Stan. Pajaritos, abejitas y los Osos Berenstain, 2001</subfield>
  </datafield>
</record>